@book{2002-daemen,
    title={{The design of Rijndael: AES---the advanced encryption standard}},
    booktitle={{The design of Rijndael: AES---the advanced encryption standard}},
    author={Joan Daemen and Vincent Rijmen},
    ISBN={3--540--42580--2},
    MR={1986943},
    publisher={Springer-Verlag},
    year={2002}
}

@misc{AES-FIPS, 
   title = "Specification for the Advanced Encryption Standard (AES)",
   howpublished = "Federal Information Processing Standards Publication 197",
   year = "2001",
   url = " http://csrc.nist.gov/publications/fips/fips197/fips-197.pdf"
} 

@book{opac-b1098430,
   title = "The design of Rijndael : {AES}, the Advanced Encryption Standard",
   author = "Daemen, Joan and Rijmen, Vincent",
   series = "Information security and cryptography : texts and monographs",
   publisher = "Springer",
   address = "Berlin",
   url = "http://opac.inria.fr/record=b1098430",
   isbn = "3-540-42580-2",
   year = 2002
}

% WB AES
@INPROCEEDINGS{Chow02white-boxcryptography,
    author = {S. Chow and P. Eisen and H. Johnson and P. C. Van Oorschot},
    title = {White-Box Cryptography and an AES Implementation},
    booktitle = {Proceedings of the Ninth Workshop on Selected Areas in Cryptography (SAC 2002},
    year = {2002},
    pages = {250--270},
    publisher = {Springer-Verlag}
}

% Billet
@inproceedings{Billet:2004:CWB:2080787.2080809,
 author = {Billet, Olivier and Gilbert, Henri and Ech-Chatbi, Charaf},
 title = {Cryptanalysis of a white box AES implementation},
 booktitle = {Proceedings of the 11th international conference on Selected Areas in Cryptography},
 series = {SAC'04},
 year = {2005},
 isbn = {3-540-24327-5, 978-3-540-24327-4},
 location = {Waterloo, Canada},
 pages = {227--240},
 numpages = {14},
 url = {http://dx.doi.org/10.1007/978-3-540-30564-4_16},
 doi = {10.1007/978-3-540-30564-4_16},
 acmid = {2080809},
 publisher = {Springer-Verlag},
 address = {Berlin, Heidelberg},
 keywords = {AES, block ciphers, implementation, software piracy, tamper resistance, white box},
} 

% WB dual AES
@inproceedings{Karroumi:2010:PWA:2041036.2041060,
 author = {Karroumi, Mohamed},
 title = {Protecting white-box AES with dual ciphers},
 booktitle = {Proceedings of the 13th international conference on Information security and cryptology},
 series = {ICISC'10},
 year = {2011},
 isbn = {978-3-642-24208-3},
 location = {Seoul, Korea},
 pages = {278--291},
 numpages = {14},
 url = {http://dl.acm.org/citation.cfm?id=2041036.2041060},
 acmid = {2041060},
 publisher = {Springer-Verlag},
 address = {Berlin, Heidelberg},
 keywords = {AES, block ciphers, dual cipher, implementation, white-box cryptography},
}

% Twofish
@INPROCEEDINGS{Schneier98twofish:a,
    author = {Bruce Schneier and John Kelsey and Doug Whiting and David Wagner and Chris Hall and Niels Ferguson},
    title = {Twofish: A 128-Bit Block Cipher},
    booktitle = {in First Advanced Encryption Standard (AES) Conference},
    year = {1998}
}

% Bcrypt
% http://citeseerx.ist.psu.edu/viewdoc/summary?doi=10.1.1.35.6887
@INPROCEEDINGS{Provos99afuture-adaptable,
    author = {Niels Provos and David Mazieres},
    title = {A Future-Adaptable Password Scheme},
    booktitle = {In Proceedings of the 1999 USENIX, Freenix track (the on-line version)},
    year = {1999},
    pages = {99}
}

% Scrypt
% http://www.daemonology.net/papers/scrypt.pdf
@MISC{Percival_strongerkey,
    author = {Colin Percival},
    title = {STRONGER KEY DERIVATION VIA SEQUENTIAL MEMORY-HARD FUNCTIONS},
    url = {http://www.daemonology.net/papers/scrypt.pdf},
    year = {}
}

%Tutorial on WBAES
@MISC{Muir_atutorial,
    author = {James A. Muir},
    title = {A Tutorial on White-box AES},
    url = {http://eprint.iacr.org/2013/104.pdf},
    year = {}
}

% http://link.springer.com/chapter/10.1007%2F978-3-540-30564-4_16
@incollection{cryptanalysis_xiao,
    year={2013},
    isbn={978-3-642-35998-9},
    booktitle={Selected Areas in Cryptography},
    volume={7707},
    series={Lecture Notes in Computer Science},
    editor={Knudsen, LarsR. and Wu, Huapeng},
    doi={10.1007/978-3-642-35999-6_3},
    title={Cryptanalysis of the Xiao â€“ Lai White-Box AES Implementation},
    url={http://dx.doi.org/10.1007/978-3-642-35999-6_3},
    publisher={Springer Berlin Heidelberg},
    keywords={white-box cryptography; AES; cryptanalysis; linear equivalence algorithm},
    author={Mulder, Yoni and Roelse, Peter and Preneel, Bart},
    pages={34-49}
}


@misc{shamining_web,
  author = {Butterfly labs},
  title = {{1,500 GH/s Bitcoin Miner}},
  howpublished = "\url{https://products.butterflylabs.com/homepage/1500gh-bitcoin-miner.html}",
  year = {2013}, 
  note = "[Online; accessed 15-May-2013]"
}



